<record xmlns="http://www.loc.gov/MARC21/slim" xmlns:xsi="http://www.w3.org/2001/XMLSchema-instance" xsi:schemaLocation="http://www.loc.gov/MARC21/slim http://www.loc.gov/standards/marcxml/schema/MARC21slim.xsd"><leader>00355nz   2200121n  4500</leader><controlfield tag="001">oca05154833 </controlfield><controlfield tag="005">20000216070201.0</controlfield><controlfield tag="008">000215n| acannaabn          |n aaa     c</controlfield><datafield ind1=" " ind2=" " tag="010"><subfield code="a">no 00010470 </subfield></datafield><datafield ind1=" " ind2=" " tag="040"><subfield code="a">ICU</subfield><subfield code="b">eng</subfield><subfield code="c">ICU</subfield></datafield><datafield ind1="0" ind2=" " tag="100"><subfield code="a">Heraclitus,</subfield><subfield code="d">1st cent.</subfield></datafield><datafield ind1=" " ind2=" " tag="670"><subfield code="a">Heracliti Quaestiones Homericae, 1910:</subfield><subfield code="b">t.p.</subfield></datafield><datafield ind1=" " ind2=" " tag="670"><subfield code="a">OCLC, 2-15-2000</subfield><subfield code="b">(hdg.: Heraclitus, 1st cent.)</subfield></datafield></record>